@Manual{R-base,
  title = {R: A Language and Environment for Statistical Computing},
  author = {{R Core Team}},
  organization = {R Foundation for Statistical Computing},
  address = {Vienna, Austria},
  year = {2017},
  url = {https://www.R-project.org/},
}
@Manual{R-bindrcpp,
  title = {bindrcpp: An 'Rcpp' Interface to Active Bindings},
  author = {Kirill Müller},
  year = {2017},
  note = {R package version 0.2},
  url = {https://CRAN.R-project.org/package=bindrcpp},
}
@Manual{R-binom,
  title = {binom: Binomial Confidence Intervals For Several Parameterizations},
  author = {Sundar Dorai-Raj},
  year = {2014},
  note = {R package version 1.1-1},
  url = {https://CRAN.R-project.org/package=binom},
}
@Article{R-coda,
  title = {CODA: Convergence Diagnosis and Output Analysis for MCMC},
  author = {Martyn Plummer and Nicky Best and Kate Cowles and Karen Vines},
  journal = {R News},
  year = {2006},
  volume = {6},
  number = {1},
  pages = {7--11},
  url = {https://journal.r-project.org/archive/},
  pdf = {https://www.r-project.org/doc/Rnews/Rnews_2006-1.pdf},
}
@Manual{R-dplyr,
  title = {dplyr: A Grammar of Data Manipulation},
  author = {Hadley Wickham and Romain Francois and Lionel Henry and Kirill Müller},
  year = {2017},
  note = {R package version 0.7.4},
  url = {https://CRAN.R-project.org/package=dplyr},
}
@Manual{R-forcats,
  title = {forcats: Tools for Working with Categorical Variables (Factors)},
  author = {Hadley Wickham},
  year = {2017},
  note = {R package version 0.2.0},
  url = {https://CRAN.R-project.org/package=forcats},
}
@Book{R-ggplot2,
  author = {Hadley Wickham},
  title = {ggplot2: Elegant Graphics for Data Analysis},
  publisher = {Springer-Verlag New York},
  year = {2009},
  isbn = {978-0-387-98140-6},
  url = {http://ggplot2.org},
}
@Manual{R-ggthemes,
  title = {ggthemes: Extra Themes, Scales and Geoms for 'ggplot2'},
  author = {Jeffrey B. Arnold},
  year = {2017},
  note = {R package version 3.4.0},
  url = {https://CRAN.R-project.org/package=ggthemes},
}
@Article{R-jsonlite,
  title = {The jsonlite Package: A Practical and Consistent Mapping Between JSON Data and R Objects},
  author = {Jeroen Ooms},
  journal = {arXiv:1403.2805 [stat.CO]},
  year = {2014},
  url = {https://arxiv.org/abs/1403.2805},
}
@Manual{R-langcog,
  title = {langcog: Language and Cognition Lab Things},
  author = {Braginsky, Mika and Yurovsky, Dan and Frank, Michael C},
  note = {R package version 0.1.9001},
  url = {http://github.com/langcog/langcog},
}
@Manual{R-magrittr,
  title = {magrittr: A Forward-Pipe Operator for R},
  author = {Stefan Milton Bache and Hadley Wickham},
  year = {2014},
  note = {R package version 1.5},
  url = {https://CRAN.R-project.org/package=magrittr},
}
@Manual{R-papaja,
  author = {Frederik Aust and Marius Barth},
  title = {{papaja}: {Create} {APA} manuscripts with {R Markdown}},
  year = {2017},
  note = {R package version 0.1.0.9492},
  url = {https://github.com/crsh/papaja},
}
@Manual{R-purrr,
  title = {purrr: Functional Programming Tools},
  author = {Lionel Henry and Hadley Wickham},
  year = {2017},
  note = {R package version 0.2.4},
  url = {https://CRAN.R-project.org/package=purrr},
}
@Manual{R-readr,
  title = {readr: Read Rectangular Text Data},
  author = {Hadley Wickham and Jim Hester and Romain Francois},
  year = {2017},
  note = {R package version 1.1.1},
  url = {https://CRAN.R-project.org/package=readr},
}
@Manual{R-rwebppl,
  title = {rwebppl: R Interface to WebPPL},
  author = {Mika Braginsky and Michael Henry Tessler and Robert Hawkins},
  note = {R package version 0.1.97},
  url = {https://github.com/mhtess/rwebppl},
}
@Manual{R-stringr,
  title = {stringr: Simple, Consistent Wrappers for Common String Operations},
  author = {Hadley Wickham},
  year = {2017},
  note = {R package version 1.2.0},
  url = {https://CRAN.R-project.org/package=stringr},
}
@Manual{R-tibble,
  title = {tibble: Simple Data Frames},
  author = {Kirill Müller and Hadley Wickham},
  year = {2017},
  note = {R package version 1.3.4},
  url = {https://CRAN.R-project.org/package=tibble},
}
@Manual{R-tidyr,
  title = {tidyr: Easily Tidy Data with 'spread()' and 'gather()' Functions},
  author = {Hadley Wickham and Lionel Henry},
  year = {2017},
  note = {R package version 0.7.2},
  url = {https://CRAN.R-project.org/package=tidyr},
}
@Manual{R-tidyverse,
  title = {tidyverse: Easily Install and Load the 'Tidyverse'},
  author = {Hadley Wickham},
  year = {2017},
  note = {R package version 1.2.1},
  url = {https://CRAN.R-project.org/package=tidyverse},
}
@Manual{R-gridExtra,
  title = {gridExtra: Miscellaneous Functions for "Grid" Graphics},
  author = {Baptiste Auguie},
  year = {2017},
  note = {R package version 2.3},
  url = {https://CRAN.R-project.org/package=gridExtra},
}

@article{bergen2016,
	Author = {Bergen, Leon and Levy, Roger and Goodman, Noah D},
	Date-Added = {2016-01-28 17:08:44 +0000},
	Date-Modified = {2016-01-28 17:09:24 +0000},
	Journal = {Semantics \& Pragmatics},
	Title = {Pragmatic Reasoning through Semantic Inference},
	Year = {in press}}

@article{barner2016,
  title={Learning mathematics in a visuospatial format: A randomized, controlled trial of mental abacus instruction},
  author={Barner, David and Alvarez, George and Sullivan, Jessica and Brooks, Neon and Srinivasan, Mahesh and Frank, Michael C},
  journal={Child development},
  year={2016},
  publisher={Wiley Online Library}
}

@article{attardo1997,
  title={Locutionary and perlocutionary cooperation: The perlocutionary cooperative principle},
  author={Attardo, Salvatore},
  journal={Journal of Pragmatics},
  volume={27},
  number={6},
  pages={753--779},
  year={1997},
  publisher={Elsevier}
}

@inproceedings{yoon2017,
	Author = {Yoon, Erica J. and Tessler, Michael Henry and Goodman, Noah D and Frank, Michael C},
	Title = {``I won't lie, it wasn't amazing": Modeling polite indirect speech},
	Booktitle = {Proceedings of the Thirty-Ninth Annual Conference of the {C}ognitive {S}cience {S}ociety},
	year = {2017}
}

@article{clark1972,
  title={On the process of comparing sentences against pictures},
  author={Clark, Herbert H and Chase, William G},
  journal={Cognitive psychology},
  volume={3},
  number={3},
  pages={472--517},
  year={1972},
  publisher={Elsevier}
}

@article{goodman2016,
	Author = {Goodman, Noah D and Frank, Michael C},
	Date-Added = {2017-02-01 17:52:37 +0000},
	Date-Modified = {2017-02-01 17:52:40 +0000},
	Journal = {Trends in Cognitive Sciences},
	Number = {11},
	Pages = {818--829},
	Publisher = {Elsevier},
	Title = {Pragmatic language interpretation as probabilistic inference},
	Volume = {20},
	Year = {2016}}


@article{frankbarner2012,
  title={Representing exact number visually using mental abacus.},
  author={Frank, Michael C and Barner, David},
  journal={Journal of Experimental Psychology: General},
  volume={141},
  number={1},
  pages={134},
  year={2012},
  publisher={American Psychological Association}
}

@article{bussey1999,
  title={Children's categorization and evaluation of different types of lies and truths},
  author={Bussey, Kay},
  journal={Child Development},
  volume={70},
  number={6},
  pages={1338--1347},
  year={1999},
  publisher={Wiley Online Library}
}

@article{leichty1991,
  title={Social-cognitive and situational influences on the use of face-saving persuasive strategies},
  author={Leichty, Greg and Applegate, James L},
  journal={Human Communication Research},
  volume={17},
  number={3},
  pages={451--484},
  year={1991},
  publisher={Wiley Online Library}
}

@article{baxter1984,
  title={An investigation of compliance-gaining as politeness},
  author={Baxter, Leslie A},
  journal={Human communication research},
  volume={10},
  number={3},
  pages={427--456},
  year={1984},
  publisher={Wiley Online Library}
}

@article{brown1989,
  title={Politeness theory and Shakespeare's four major tragedies},
  author={Brown, Roger and Gilman, Albert},
  journal={Language in society},
  volume={18},
  number={2},
  pages={159--212},
  year={1989},
  publisher={Cambridge University Press}
}

@book{hirschberg1985,
  title={A theory of scalar implicature},
  author={Hirschberg, Julia Bell},
  year={1985},
  publisher={University of Pennsylvania.},
}

@article{franke2016,
  title={Probabilistic pragmatics, or why Bayes' rule is probably important for pragmatics},
  author={Franke, Michael and J{\"a}ger, Gerhard},
  journal={Zeitschrift f{\"u}r Sprachwissenschaft},
  volume={35},
  number={1},
  pages={3--44},
  year={2016}
}

@article{pinker2008,
  title={The logic of indirect speech},
  author={Pinker, Steven and Nowak, Martin A and Lee, James J},
  journal={Proceedings of the National Academy of sciences},
  volume={105},
  number={3},
  pages={833--838},
  year={2008},
  publisher={National Acad Sciences}
}

@article{lee2010,
  title={Rationales for indirect speech: the theory of the strategic speaker.},
  author={Lee, James J and Pinker, Steven},
  journal={Psychological review},
  volume={117},
  number={3},
  pages={785},
  year={2010},
  publisher={American Psychological Association}
}

@inproceedings{vanRooy2003,
	Author = {Van Rooy, Robert},
	Booktitle = {Proceedings of the 9th conference on Theoretical aspects of rationality and knowledge},
	Organization = {ACM},
	Pages = {45--58},
	Title = {Being polite is a handicap: Towards a game theoretical analysis of polite linguistic behavior},
	Year = {2003}}
	
@article{quinley2011,
  title={Politeness and Trust Games},
  author={Quinley, Jason},
  journal={Student Papers Session, Proceedings of ESSLLI},
  year={2011}
}

@inproceedings{kao2015,
	Author = {Kao, Justine T and Goodman, Noah D.},
	Booktitle = {Proceedings of the 37th Annual Conference of the {C}ognitive {S}cience {S}ociety},
	Date-Modified = {2015-07-30 15:56:19 +0000},
	Title = {Let's talk (ironically) about the weather: Modeling verbal irony},
	Website = {papers/KaoEtAl2015-Cogsci.pdf},
	Year = {2015}}

@article{colston1997,
	Author = {Colston, Herbert L},
	Journal = {Discourse Processes},
	Number = {1},
	Pages = {25--45},
	Publisher = {Taylor \& Francis},
	Title = {Salting a wound or sugaring a pill: The pragmatic functions of ironic criticism},
	Volume = {23},
	Year = {1997}}

@article{bonnefon2009,
	Author = {Bonnefon, Jean-Fran{\c{c}}ois and Feeney, Aidan and Villejoubert, Ga{\"e}lle},
	Journal = {Cognition},
	Number = {2},
	Pages = {249--258},
	Publisher = {Elsevier},
	Title = {When some is actually all: Scalar inferences in face-threatening contexts},
	Volume = {112},
	Year = {2009}}
	
@article{bonnefon2006,
  title={Tactful or doubtful? Expectations of politeness explain the severity bias in the interpretation of probability phrases},
  author={Bonnefon, Jean-Fran{\c{c}}ois and Villejoubert, Ga{\"e}lle},
  journal={Psychological Science},
  volume={17},
  number={9},
  pages={747--751},
  year={2006},
  publisher={SAGE Publications Sage CA: Los Angeles, CA}
}

@article{bonnefon2011risk,
  title={The risk of polite misunderstandings},
  author={Bonnefon, Jean-Fran{\c{c}}ois and Feeney, Aidan and De Neys, Wim},
  journal={Current Directions in Psychological Science},
  volume={20},
  number={5},
  pages={321--324},
  year={2011},
  publisher={Sage Publications Sage CA: Los Angeles, CA}
}

@article{feeney2013,
  title={Politeness and honesty contribute additively to the interpretation of scalar expressions},
  author={Feeney, Aidan and Bonnefon, Jean-Fran{\c{c}}ois},
  journal={Journal of Language and Social Psychology},
  volume={32},
  number={2},
  pages={181--190},
  year={2013},
  publisher={Sage Publications Sage CA: Los Angeles, CA}
}

@article{pighin2011,
  title={Facework and uncertain reasoning in health communication},
  author={Pighin, Stefania and Bonnefon, Jean-Fran{\c{c}}ois},
  journal={Patient Education and Counseling},
  volume={85},
  number={2},
  pages={169--172},
  year={2011},
  publisher={Elsevier}
}

@article{bonnefon2015,
  title={Some but not all dispreferred turn markers help to interpret scalar terms in polite contexts},
  author={Bonnefon, Jean-Fran{\c{c}}ois and Dahl, Ethan and Holtgraves, Thomas M},
  journal={Thinking \& Reasoning},
  volume={21},
  number={2},
  pages={230--249},
  year={2015},
  publisher={Taylor \& Francis}
}
	
@article{fu2007,
  title={Social grooming in the kindergarten: the emergence of flattery behavior},
  author={Fu, Genyue and Lee, Kang},
  journal={Developmental science},
  volume={10},
  number={2},
  pages={255--265},
  year={2007},
  publisher={Wiley Online Library}
}

@article{lim1991,
  title={Facework: solidarity, approbation, and tact},
  author={Lim, Tae S and Bowers, John W},
  journal={Human communication research},
  volume={17},
  number={3},
  pages={415--450},
  year={1991},
  publisher={blackwell}
}

@article{tenenbaum2011,
  title={How to grow a mind: Statistics, structure, and abstraction},
  author={Tenenbaum, Joshua B and Kemp, Charles and Griffiths, Thomas L and Goodman, Noah D},
  journal={science},
  volume={331},
  number={6022},
  pages={1279--1285},
  year={2011},
  publisher={American Association for the Advancement of Science}
}

@incollection{benz2006,
  title={An introduction to game theory for linguists},
  author={Benz, Anton and J{\"a}ger, Gerhard and Van Rooij, Robert},
  booktitle={Game theory and pragmatics},
  pages={1--82},
  year={2006},
  publisher={Springer}
}

@incollection{blum-kulka1985,
  title={The language of requesting in Israeli society},
  author={Blum-Kulka, Shoshana and Danet, Brenda and Gherson, Rimona},
  booktitle={Language and social situations},
  pages={113--139},
  year={1985},
  publisher={Springer}
}

@article{holtgraves1997,
	Author = {Holtgraves, Thomas},
	Journal = {Journal of Language and Social Psychology},
	Number = {2},
	Pages = {222--239},
	Publisher = {Sage Publications},
	Title = {YES, BUT... Positive politeness in conversation arguments},
	Volume = {16},
	Year = {1997}}
	
@article{holtgraves1992,
  title={Interpersonal underpinnings of request strategies: general principles and differences due to culture and gender.},
  author={Holtgraves, Thomas and Yang, Joong-Nam},
  journal={Journal of personality and social psychology},
  volume={62},
  number={2},
  pages={246},
  year={1992},
  publisher={American Psychological Association}
}
	
@article{holtgraves1990,
  title={Politeness as universal: Cross-cultural perceptions of request strategies and inferences based on their use.},
  author={Holtgraves, Thomas and Joong-nam, Yang},
  journal={Journal of personality and social psychology},
  volume={59},
  number={4},
  pages={719},
  year={1990},
  publisher={American Psychological Association}
}

@article{holtgraves2016,
  title={Politeness and the communication of uncertainty},
  author={Holtgraves, Thomas and Perdew, Audrey},
  journal={Cognition},
  volume={154},
  pages={1--10},
  year={2016},
  publisher={Elsevier}
}

@article{holtgraves1986,
  title={Language structure in social interaction: perceptions of direct and indirect speech acts and interactants who use them.},
  author={Holtgraves, Thomas},
  journal={Journal of personality and social psychology},
  volume={51},
  number={2},
  pages={305},
  year={1986},
  publisher={American Psychological Association}
}

@article{holtgraves1998,
  title={Interpreting indirect replies},
  author={Holtgraves, Thomas},
  journal={Cognitive Psychology},
  volume={37},
  number={1},
  pages={1--27},
  year={1998},
  publisher={Elsevier}
}

@article{ide1989,
  title={Formal forms and discernment: Two neglected aspects of universals of linguistic politeness},
  author={Ide, Sachiko},
  journal={Multilingua-journal of cross-cultural and interlanguage communication},
  volume={8},
  number={2-3},
  pages={223--248},
  year={1989}
}

@article{lee1997,
  title={Chinese and Canadian Children's Evaluations of Lying and Truth Telling: Similarities and Dfferences in the Context of pro-and Antisocial Behaviors},
  author={Lee, Kang and Cameron, Catherine Ann and Xu, Fen and Fu, Genyao and Board, Julie},
  journal={Child development},
  volume={68},
  number={5},
  pages={924--934},
  year={1997},
  publisher={Wiley Online Library}
}

@article{fu2015,
  title={Children trust people who lie to benefit others},
  author={Fu, Genyue and Heyman, Gail D and Chen, Guowei and Liu, Peilong and Lee, Kang},
  journal={Journal of experimental child psychology},
  volume={129},
  pages={127--139},
  year={2015},
  publisher={Elsevier}
}

@article{xu2010,
  title={Lying and truth-telling in children: From concept to action},
  author={Xu, Fen and Bao, Xuehua and Fu, Genyue and Talwar, Victoria and Lee, Kang},
  journal={Child development},
  volume={81},
  number={2},
  pages={581--596},
  year={2010},
  publisher={Wiley Online Library}
}

@article{ma2011,
  title={Chinese children's evaluations of white lies: Weighing the consequences for recipients},
  author={Ma, Fengling and Xu, Fen and Heyman, Gail D and Lee, Kang},
  journal={Journal of experimental child psychology},
  volume={108},
  number={2},
  pages={308--321},
  year={2011},
  publisher={Elsevier}
}

@article{xu2013,
  title={The role of honesty and benevolence in children's judgments of trustworthiness},
  author={Xu, Fen and Evans, Angela D and Li, Chunxia and Li, Qinggong and Heyman, Gail and Lee, \& Kang},
  journal={International Journal of Behavioral Development},
  volume={37},
  number={3},
  pages={257--265},
  year={2013},
  publisher={Sage Publications Sage UK: London, England}
}

@article{blumkulka1987,
  title={Indirectness and politeness in requests: Same or different?},
  author={Blum-Kulka, Shoshana},
  journal={Journal of pragmatics},
  volume={11},
  number={2},
  pages={131--146},
  year={1987},
  publisher={Elsevier}
}

@article{talwar2007,
  title={White lie-telling in children for politeness purposes},
  author={Talwar, Victoria and Murphy, Susan M and Lee, Kang},
  journal={International journal of behavioral development},
  volume={31},
  number={1},
  pages={1--11},
  year={2007},
  publisher={Sage Publications}
}

@article{talwar2002,
  title={Development of lying to conceal a transgression: Children's control of expressive behaviour during verbal deception},
  author={Talwar, Victoria and Lee, Kang},
  journal={International Journal of Behavioral Development},
  volume={26},
  number={5},
  pages={436--444},
  year={2002},
  publisher={Taylor \& Francis}
}

@article{airenti2011,
  title={Situation-sensitive use of insincerity: Pathways to communication in young children},
  author={Airenti, Gabriella and Angeleri, Romina},
  journal={British Journal of Developmental Psychology},
  volume={29},
  number={4},
  pages={765--782},
  year={2011},
  publisher={Wiley Online Library}
}

@article{axia1985,
	Author = {Axia, Giovanna and Baroni, Maria Rosa},
	Journal = {Child Development},
	Pages = {918--927},
	Publisher = {JSTOR},
	Title = {Linguistic politeness at different age levels},
	Year = {1985}}
	
@article{finley1974,
  title={Naive psychology and the development of persuasive appeals in girls.},
  author={Finley, Gordon E and Humphreys, Carolyn A},
  journal={Canadian Journal of Behavioural Science/Revue canadienne des sciences du comportement},
  volume={6},
  number={1},
  pages={75},
  year={1974},
  publisher={University of Toronto Press}
}

@article{kyratzis2001,
  title={Preschool girls' and boys' verbal conflict strategies in the United States and China},
  author={Kyratzis, Amy and Guo, Jiansheng},
  journal={Research on Language and Social Interaction},
  volume={34},
  number={1},
  pages={45--74},
  year={2001},
  publisher={Taylor \& Francis}
}

@article{wilson2004,
  title={The influence of children on parental purchases during supermarket shopping},
  author={Wilson, George and Wood, Katie},
  journal={International Journal of Consumer Studies},
  volume={28},
  number={4},
  pages={329--336},
  year={2004},
  publisher={Wiley Online Library}
}

@article{bernicot1987,
  title={Direct and indirect directives: What do young children understand?},
  author={Bernicot, Josie and Legros, Suzanne},
  journal={Journal of Experimental Child Psychology},
  volume={43},
  number={3},
  pages={346--358},
  year={1987},
  publisher={Elsevier}
}

@article{bernicot2007,
  title={Nonliteral language forms in children: In what order are they acquired in pragmatics and metapragmatics?},
  author={Bernicot, Josie and Laval, Virginie and Chaminaud, St{\'e}phanie},
  journal={Journal of Pragmatics},
  volume={39},
  number={12},
  pages={2115--2132},
  year={2007},
  publisher={Elsevier}
}

@article{song2014,
  title={Five- to six-year-old children's understanding of lies and truths in different contexts},
  author={Song, Miri and Song, Hyun-Ju},
  journal={The Korean Journal of Developmental Psychology},
  volume={27},
  number={1},
  pages={55--71},
  year={2014},
  publisher={The Korean Society For Developmental Psychology}
}

@article{bernicot1991,
  title={French children's conception of requesting: The development of metapragmatic knowledge},
  author={Bernicot, Josie},
  journal={International Journal of Behavioral Development},
  volume={14},
  number={3},
  pages={285--304},
  year={1991},
  publisher={Sage Publications Sage CA: Thousand Oaks, CA}
}


@article{bavsnakova2014,
	Author = {Ba{\v{s}}n{\'a}kov{\'a}, Jana and Weber, Kirsten and Petersson, Karl Magnus and van Berkum, Jos and Hagoort, Peter},
	Journal = {Cerebral Cortex},
	Number = {10},
	Pages = {2572--2578},
	Publisher = {Oxford Univ Press},
	Title = {Beyond the language given: the neural correlates of inferring speaker meaning},
	Volume = {24},
	Year = {2014}}

@book{clark1996,
	Author = {Clark, Herb H.},
	Publisher = {Cambridge University Press},
	Title = {Using language},
	Year = 1996}

@misc{dippl,
	Author = {Goodman, Noah D and Stuhlm\"{u}ller, Andreas},
	Howpublished = {\url{http://dippl.org}},
	Title = {{The Design and Implementation of Probabilistic Programming Languages}},
	Year = {2014}}

@inproceedings{degen2014,
	Author = {Degen, Judith and Goodman, Noah D.},
	Booktitle = {Proceedings of the Thirty-Sixth Annual Conference of the {C}ognitive {S}cience {S}ociety},
	Title = {Lost your marbles? The puzzle of dependent measures in experimental pragmatics},
	Year = {2014}}

@inproceedings{degen2015,
	Author = {Degen, Judith and Tessler, Michael Henry and Goodman, Noah D},
	Booktitle = {Proceedings of the Thirty-Seventh Annual Conference of the {C}ognitive {S}cience {S}ociety},
	Title = {{Wonky worlds: Listeners revise world knowledge when utterances are odd}},
	Year = {2015}}

@article{frank2012,
	Author = {Frank, Michael C and Goodman, Noah D},
	Journal = {Science},
	Number = {6084},
	Pages = {998--998},
	Publisher = {American Association for the Advancement of Science},
	Title = {Predicting pragmatic reasoning in language games},
	Volume = {336},
	Year = {2012}}

@article{goodman2013,
  title={Knowledge and implicature: Modeling language understanding as social cognition},
  author={Goodman, Noah D and Stuhlm{\"u}ller, Andreas},
  journal={Topics in cognitive science},
  volume={5},
  number={1},
  pages={173--184},
  year={2013},
  publisher={Wiley Online Library}
}

@inbook{goodman2015,
	Author = {Goodman, Noah D. and Lassiter, Daniel},
	Booktitle = {The Handbook of Contemporary Semantic Theory, 2nd Edition},
	Publisher = {Wiley-Blackwell},
	Title = {Probabilistic Semantics and Pragmatics: Uncertainty in Language and Thought},
	Year = {2015}}
	
@article{lassiter2017adjectival,
  title={Adjectival vagueness in a Bayesian model of interpretation},
  author={Lassiter, Daniel and Goodman, Noah D},
  journal={Synthese},
  volume={194},
  number={10},
  pages={3801--3836},
  year={2017},
  publisher={Springer}
}

@article{baker2009action,
  title={Action understanding as inverse planning},
  author={Baker, Chris L and Saxe, Rebecca and Tenenbaum, Joshua B},
  journal={Cognition},
  volume={113},
  number={3},
  pages={329--349},
  year={2009},
  publisher={Elsevier}
}

@article{jara2016naive,
  title={The na{\"\i}ve utility calculus: Computational principles underlying commonsense psychology},
  author={Jara-Ettinger, Julian and Gweon, Hyowon and Schulz, Laura E and Tenenbaum, Joshua B},
  journal={Trends in cognitive sciences},
  volume={20},
  number={8},
  pages={589--604},
  year={2016},
  publisher={Elsevier}
}

@article{liu2017ten,
  title={Ten-month-old infants infer the value of goals from the costs of actions},
  author={Liu, Shari and Ullman, Tomer D and Tenenbaum, Joshua B and Spelke, Elizabeth S},
  journal={Science},
  volume={358},
  number={6366},
  pages={1038--1041},
  year={2017},
  publisher={American Association for the Advancement of Science}
}

@inbook{ervin1977,
  author = {Ervin-Tripp, Susan M.},
  title = {Wait for me, roller skate},
  pages = {165--188},
  year = 1977,
  editor = {S. Ervin-Tripp and C. Mitchell-Kernan},
  publisher = {New York: Academic Press},
  Booktitle = {Child Discourse}
}

@article{ervin1969,
  title={Sociolinguistics},
  author={Ervin-Tripp, Susan M.},
  journal={Advances in experimental social psychology},
  volume={4},
  pages={91--165},
  year={1969},
  publisher={Elsevier}
}

@article{shatz1973,
  title={The development of communication skills: Modifications in the speech of young children as a function of listener},
  author={Shatz, Marilyn and Gelman, Rochel},
  journal={Monographs of the society for research in child development},
  pages={1--38},
  year={1973},
  publisher={JSTOR}
}

@book{gelman2006data,
  title={Data analysis using regression and multilevel/hierarchical models},
  author={Gelman, Andrew and Hill, Jennifer},
  year={2006},
  publisher={Cambridge university press}
}

@article{barr2013random,
  title={Random effects structure for confirmatory hypothesis testing: Keep it maximal},
  author={Barr, Dale J and Levy, Roger and Scheepers, Christoph and Tily, Harry J},
  journal={Journal of memory and language},
  volume={68},
  number={3},
  pages={255--278},
  year={2013},
  publisher={Elsevier}
}

@article{ervin1984,
  title={Language and power in the family},
  author={Ervin-Tripp, Susan M. and O'Connor, Mary Catherine and Rosenberg, Jarrett},
  journal={Language and power},
  pages={116--135},
  year={1984},
  publisher={Sage Beverly Hills, CA}
}

@inbook{grice1975,
  author = {Grice, H. P.},
  title = {Logic and conversation},
  pages = {41--58},
  year = 1975,
  volume = 3,
  editor = {Peter Cole and Jerry L. Morgan},
  publisher = {Academic Press},
  Booktitle = {Syntax and Semantics}
}

@inbook{searle1975,
  author = {Searle, J.},
  title = {Indirect Speech Acts},
  pages = {59--82},
  year = 1975,
  volume = 3,
  editor = {Peter Cole and Jerry L. Morgan},
  publisher = {Academic Press},
  Booktitle = {Syntax and Semantics}
}

@book{buhler1934,
  title={Sprachtheorie},
  author={Buhler, Karl},
  year={1934},
  publisher={Oxford, England: Fischer}
}

@article{shannon1948,
  title={A mathematical theory of communication},
  author={Shannon, Claude E},
  journal={Bell Syst. Tech. J.},
  volume={27},
  pages={623--656},
  year={1948}
}

@incollection{jakobson1960,
  title={Linguistics and poetics},
  author={Jakobson, Roman},
  booktitle={Style in language},
  pages={350--377},
  year={1960},
  publisher={MA: MIT Press}
}

@book{halliday1975,
  title={Learning How to Mean: Explorations in the Development of Language},
  author={Halliday, Michael Alexander Kirkwood},
  year={1975},
  publisher={London: Edward Arnold}
}

@article{ervin1967,
  title={An issei learns English},
  author={Ervin-Tripp, Susan M.},
  journal={Journal of social issues},
  volume={23},
  number={2},
  pages={78--90},
  year={1967},
  publisher={Wiley Online Library}
}

@article{henrich2010,
  title={The weirdest people in the world?},
  author={Henrich, Joseph and Heine, Steven J and Norenzayan, Ara},
  journal={Behavioral and brain sciences},
  volume={33},
  number={2-3},
  pages={61--83},
  year={2010},
  publisher={Cambridge Univ Press}
}

@inproceedings{yoon2016,
	Author = {Yoon, Erica J. and Tessler, Michael Henry and Goodman, Noah D. and Frank, Michael C},
	Booktitle = {Proceedings of the Thirty-Eighth Annual Conference of the {C}ognitive {S}cience {S}ociety},
	Title = {Talking with tact: Polite language as a balance between kindness and informativity},
	Year = {2016}}


@article{heyman2009,
  title={Children's reasoning about lie-telling and truth-telling in politeness contexts},
  author={Heyman, Gail D and Sweet, Monica A and Lee, Kang},
  journal={Social Development},
  volume={18},
  number={3},
  pages={728--746},
  year={2009},
  publisher={Wiley Online Library}
}

@article{kao2014,
	Author = {Kao, Justine T and Wu, Jean Y and Bergen, Leon and Goodman, Noah D},
	Journal = {Proceedings of the National Academy of Sciences},
	Number = {33},
	Pages = {12002--12007},
	Publisher = {National Acad Sciences},
	Title = {Nonliteral understanding of number words},
	Volume = {111},
	Year = {2014}}

@book{levinson2000,
	Author = {Levinson, Stepehen},
	Publisher = {The MIT Press},
	Title = {Presumptive meanings: The theory of generalized conversational implicature},
	Year = 2000}

@book{lee2014,
	Author = {Lee, M. D. and Wagenmakers, E. J.},
	Publisher = {Cambridge Univ. Press},
	Title = {Bayesian Cognitive Modeling: A Practical Course},
	Year = 2014}
	
@article{baker2017rational,
  title={Rational quantitative attribution of beliefs, desires and percepts in human mentalizing},
  author={Baker, Chris L and Jara-Ettinger, Julian and Saxe, Rebecca and Tenenbaum, Joshua B},
  journal={Nature Human Behaviour},
  volume={1},
  number={4},
  pages={0064},
  year={2017},
  publisher={Nature Publishing Group}
}
	
@incollection{walper1992,
  title={Children's understanding of white lies},
  author={Walper, Sabine and Valtin, Renate},
  booktitle={Politeness in language: Studies in its history, theory and practice (ed. by R.J. Watts, S. Ide, \& K. Ehlich)},
  pages={231--251},
  year={1992},
  publisher={Mouton de Gruyter}
}

@incollection{watts1992,
  title={Introduction},
  author={Watts, Richard J. and Ide, Sachiko and Ehlich, Konrad},
  booktitle={Politeness in language: Studies in its history, theory and practice (ed. by R.J. Watts, S. Ide, \& K. Ehlich)},
  pages={1--17},
  year={1992},
  publisher={Mouton de Gruyter}
}

@book{watts2003,
  title={Politeness},
  author={Watts, Richard J},
  year={2003},
  publisher={Cambridge University Press}
}

@incollection{oxfordPolite,
  publisher = {Oxford University Press},
  year = {2017},
  title = {polite},
  booktitle = {OED Online},
  url = {http://www.oed.com/view/Entry/146878?rskey=4vSu4F&result=1&isAdvanced=false},
}

@incollection{cambridgePolite,
  publisher = {Cambridge University Press},
  year = {2017},
  title = {polite},
  booktitle = {Cambridge online dictionary},
  url = {http://dictionary.cambridge.org/us/dictionary/english/polite},
}


@article{matsumoto1988,
  title={Reexamination of the universality of face: Politeness phenomena in Japanese},
  author={Matsumoto, Yoshiko},
  journal={Journal of pragmatics},
  volume={12},
  number={4},
  pages={403--426},
  year={1988},
  publisher={Elsevier}
}

@article{mao1994,
  title={Beyond politeness theory: `Face' revisited and renewed},
  author={Mao, LuMing Robert},
  journal={Journal of pragmatics},
  volume={21},
  number={5},
  pages={451--486},
  year={1994},
  publisher={Elsevier}
}
  
@article{clark1980,
  title={Polite responses to polite requests},
  author={Clark, Herbert H and Schunk, Dale H},
  journal={Cognition},
  volume={8},
  number={2},
  pages={111--143},
  year={1980},
  publisher={Elsevier}
}
 
@article{locher2005,
  title={Politeness theory and relational work},
  author={Locher, Miriam A and Watts, Richard J},
  journal={Journal of politeness research},
  volume={1},
  number={1},
  pages={9--33},
  year={2005}
}
 
@article{spencer2002,
  title={Managing rapport in talk: Using rapport sensitive incidents to explore the motivational concerns underlying the management of relations},
  author={Spencer-Oatey, Helen},
  journal={Journal of Pragmatics},
  volume={34},
  number={5},
  pages={529--545},
  year={2002},
  publisher={Elsevier}
}
 
@article{fraser1981,
  title={The association of deference with linguistic form},
  author={Fraser, Bruce and Nolen, William},
  journal={International journal of the Sociology of Language},
  volume={1981},
  number={27},
  pages={93--110},
  year={1981}
}

@article{fraser1990,
  title={Perspectives on politeness},
  author={Fraser, Bruce},
  journal={Journal of pragmatics},
  volume={14},
  number={2},
  pages={219--236},
  year={1990},
  publisher={Elsevier}
}
 
@article{watts1989,
  title={Relevance and relational work: Linguistic politeness as politic behavior},
  author={Watts, Richard J},
  journal={Multilingua-Journal of Cross-Cultural and Interlanguage Communication},
  volume={8},
  number={2-3},
  pages={131--166},
  year={1989}
}
 
@book{brown1987,
  title={Politeness: Some universals in language usage},
  author={Brown, Penelope and Levinson, Stephen C},
  volume={4},
  year={1987},
  publisher={Cambridge university press}
}
 
@article{snow1990,
  title={Developmental perspectives on politeness:: Sources of children's knowledge},
  author={Snow, Catherine E and Perlmann, Rivka Y and Gleason, Jean Berko and Hooshyar, Nahid},
  journal={Journal of Pragmatics},
  volume={14},
  number={2},
  pages={289--305},
  year={1990},
  publisher={Elsevier}
}
 
@article{ryckebusch2004,
  title={Speech acts, social context and parent-toddler play between the ages of 1; 5 and 2; 3},
  author={Ryckebusch, C{\'e}line and Marcos, Hayd{\'e}e},
  journal={Journal of Pragmatics},
  volume={36},
  number={5},
  pages={883--897},
  year={2004},
  publisher={Elsevier}
}

@article{becker1986,
  title={Bossy and nice requests: Children's production and interpretation},
  author={Becker, Judith A},
  journal={Merrill-Palmer Quarterly (1982-)},
  pages={393--413},
  year={1986},
  publisher={JSTOR}
}
 
@article{escandell1996,
  title={Towards a cognitive approach to politeness},
  author={Escandell-Vidal, Victoria},
  journal={Language Sciences},
  volume={18},
  number={3-4},
  pages={629--650},
  year={1996},
  publisher={Elsevier}
}
 
@article{corsaro1979,
  title={Young children's conception of status and role},
  author={Corsaro, William A},
  journal={Sociology of Education},
  pages={46--59},
  year={1979},
  publisher={JSTOR}
}
 
@inproceedings{champagne1999,
  title={The differential (?) processing of literal and nonliteral speech acts: A psycholinguistic approach},
  author={Champagne, Maud and Virbel, Jacques and Nespoulous, Jean-Luc},
  booktitle={International and Interdisciplinary Conference on Modeling and Using Context},
  pages={451--454},
  year={1999},
  organization={Springer}
}

@article{hamlin2013mentalistic,
  title={The mentalistic basis of core social cognition: Experiments in preverbal infants and a computational model},
  author={Hamlin, Kiley J and Ullman, Tomer D and Tenenbaum, Joshua B and Goodman, Noah D and Baker, Chris L},
  journal={Developmental science},
  volume={16},
  number={2},
  pages={209--226},
  year={2013},
  publisher={Wiley Online Library}
}

@book{culpeper2011,
  title={Impoliteness: Using Language to Cause Offence},
  author={Culpeper, Jonathan},
  volume={28},
  year={2011},
  publisher={Cambridge University Press}
}
 
@article{terkourafi2005,
  title={Beyond the micro-level in politeness research},
  author={Terkourafi, Marina},
  journal={Journal of Politeness Research},
  volume={1},
  pages={237--262},
  year={2005}
}

@article{terkourafi2002,
  title={Politeness and formulaicity: evidence from Cypriot Greek},
  author={Terkourafi, Marina},
  journal={Journal of Greek Linguistics},
  volume={3},
  number={1},
  pages={179--201},
  year={2002},
  publisher={Brill}
}

@article{yu2011,
  title={Culture-specific concepts of politeness: indirectness and politeness in English, Hebrew and Korean requests},
  author={Yu, Kyong},
  journal={Intercultural pragmatics},
  volume={8},
  number={3},
  pages={385--409},
  year={2011}
}

@InProceedings{lakoff1973,
    author = {Lakoff, Robin},
    title = {The logic of politeness; or, minding your P's and Q's},
    booktitle = {Papers from the Ninth Regional Meeting of the Chicago Linguistics Society},
    year = 1973,
    publisher = {Chicago: Department of Linguistics, University of Chicago},
    editor = {C. Corum, T. Cedric Smith-Stark, A. Weiser},
    pages = {292--305},
}

@book{leech1983,
  title={Principles of pragmatics},
  author={Leech, Geoffrey},
  year={1983},
  publisher={London, New York: Longman Group Ltd.}
}

@book{boyer1702,
  title={The English Theophrastus: Or, The Manners of the Age: Being the Modern Characters of the Court, the Town, and the City...},
  author={Boyer, Abel},
  year={1702},
  publisher={W. Turner... R. Basset... and J. Chantry}
}

@article{gu1990,
  title={Politeness phenomena in modern Chinese},
  author={Gu, Yueguo},
  journal={Journal of pragmatics},
  volume={14},
  number={2},
  pages={237--257},
  year={1990},
  publisher={Elsevier}
}

@book{goffman1967,
  title={Interaction ritual: essays on face-to-face interaction},
  author={Goffman, Erving},
  year={1967},
  publisher={Aldine}
}

@book{spencer2000,
  title={Culturally speaking: Managing rapport through talk across cultures},
  author={Spencer-Oatey, Helen},
  publisher={London and New York: Continuum},
  year={2000}
}

@inproceedings{turiel1977,
  title={Distinct conceptual and developmental domains: social convention and morality},
  author={Turiel, Elliot},
  booktitle={Nebraska symposium on motivation},
  year={1977},
  organization={University of Nebraska Press}
}

@article{turiel1978,
  title={Social regulations and domains of social concepts},
  author={Turiel, Elliot},
  journal={New Directions for Child and Adolescent Development},
  volume={1978},
  number={1},
  pages={45--74},
  year={1978},
  publisher={Wiley Online Library}
}

@article{gleason1984,
  title={What's the magic word: Learning language through politeness routines?},
  author={Gleason, Jean Berko and Perlmann, Rivka Y and Greif, Esther Blank},
  journal={Discourse Processes},
  volume={7},
  number={4},
  pages={493--502},
  year={1984},
  publisher={Taylor \& Francis}
}

@article{read1978,
  title={Preschool children's production of directive forms},
  author={Read, Barbara K and Cherry, Louise J},
  journal={Discourse Processes},
  volume={1},
  number={3},
  pages={233--245},
  year={1978},
  publisher={Taylor \& Francis}
}

@article{baroni1989,
  title={Children's meta-pragmatic abilities and the identification of polite and impolite requests},
  author={Baroni, Maria Rosa and Axia, Giovanna},
  journal={First Language},
  volume={9},
  number={27},
  pages={285--297},
  year={1989},
  publisher={Sage Publications Sage CA: Thousand Oaks, CA}
}

@article{nippold1982,
  title={Development in the use and understanding of polite forms in children},
  author={Nippold, Marilyn A and Leonard, Laurence B and Anastopoulos, Arthur},
  journal={Journal of Speech, Language, and Hearing Research},
  volume={25},
  number={2},
  pages={193--202},
  year={1982}
}

@article{bates1976,
  title={Acquisition of polite forms: Experimental evidence},
  author={Bates, Elizabeth},
  journal={Language and context: The acquisition of pragmatics},
  pages={295--326},
  year={1976}
}

@article{bates1977,
  title={Social adjustment and politeness in preschoolers},
  author={Bates, Elizabeth and Silvern, Louise},
  journal={Journal of Communication},
  volume={27},
  number={2},
  pages={104--111},
  year={1977},
  publisher={Wiley Online Library}
}

@article{ervin1990,
  title={Politeness and persuasion in children's control acts},
  author={Ervin-Tripp, Susan M. and Guo, Jiansheng and Lampert, Martin},
  journal={Journal of pragmatics},
  volume={14},
  number={2},
  pages={307--331},
  year={1990},
  publisher={Elsevier}
}

@article{james1978,
  title={Effect of listener age and situation on the politeness of children's directives},
  author={James, Sharon L},
  journal={Journal of Psycholinguistic Research},
  volume={7},
  number={4},
  pages={307--317},
  year={1978},
  publisher={Springer}
}

@article{ervin1982,
  title={Ask and it shall be given unto you: Children's requests},
  author={Ervin-Tripp, Susan M.},
  journal={Georgetown University Roundtable on Languages and Linguistics. Contemporary perceptions of language: Interdisciplinary dimensions},
  pages={235--245},
  year={1982}
}

@article{bock1981,
  title={The development of directives: how children ask and tell},
  author={Bock, J Kathryn and Hornsby, Mary E},
  journal={Journal of child language},
  volume={8},
  number={01},
  pages={151--163},
  year={1981},
  publisher={Cambridge Univ Press}
}

@misc{augustine1952,
  title={Treaties on various issues},
  author={Augustine, St},
  year={1952},
  publisher={Washington, DC: Catholic University of America Press}
}

@article{kant1949,
  title={On a supposed right to lie from altruistic motives},
  author={Kant, Immanuel},
  journal={Critical of practical reason and other writings},
  pages={346--350},
  year={1949},
  publisher={University of Chicago Press Chicago, IL}
}

@article{sweetser1987,
  title={The definition of lie},
  author={Sweetser, Eve},
  journal={Cultural models in language and thought},
  pages={43--66},
  year={1987},
  publisher={Cambridge University Press}
}

@article{huang2009a,
  title={Online interpretation of scalar quantifiers: Insight into the semantics--pragmatics interface},
  author={Huang, Yi Ting and Snedeker, Jesse},
  journal={Cognitive psychology},
  volume={58},
  number={3},
  pages={376--415},
  year={2009},
  publisher={Elsevier},
  doi={10.1016/j.cogpsych.2008.09.001}
}

@article{breheny2006,
	Author = {Breheny, Richard and Katsos, Napoleon and Williams, John},
	Journal = {Cognition},
	Number = {3},
	Pages = {434--463},
	Publisher = {Elsevier},
	Title = {Are generalised scalar implicatures generated by default? An on-line investigation into the role of context in generating pragmatic inferences},
	Volume = {100},
	Year = {2006}}

@Manual{R-here,
  title = {here: A Simpler Way to Find Your Files},
  author = {Kirill Müller},
  year = {2017},
  note = {R package version 0.1},
  url = {https://CRAN.R-project.org/package=here},
}
@Article{R-lme4,
  title = {Fitting Linear Mixed-Effects Models Using {lme4}},
  author = {Douglas Bates and Martin M{\"a}chler and Ben Bolker and Steve Walker},
  journal = {Journal of Statistical Software},
  year = {2015},
  volume = {67},
  number = {1},
  pages = {1--48},
  doi = {10.18637/jss.v067.i01},
}
@Manual{R-Matrix,
  title = {Matrix: Sparse and Dense Matrix Classes and Methods},
  author = {Douglas Bates and Martin Maechler},
  year = {2017},
  note = {R package version 1.2-12},
  url = {https://CRAN.R-project.org/package=Matrix},
}
@Manual{R-RColorBrewer,
  title = {RColorBrewer: ColorBrewer Palettes},
  author = {Erich Neuwirth},
  year = {2014},
  note = {R package version 1.1-2},
  url = {https://CRAN.R-project.org/package=RColorBrewer},
}
@Manual{R-BayesFactor,
  title = {BayesFactor: Computation of Bayes Factors for Common Designs},
  author = {Richard D. Morey and Jeffrey N. Rouder},
  year = {2015},
  note = {R package version 0.9.12-2},
  url = {https://CRAN.R-project.org/package=BayesFactor},
}
@Article{R-brms,
  title = {{brms}: An {R} Package for Bayesian Multilevel Models Using {Stan}},
  author = {Paul-Christian Bürkner},
  journal = {Journal of Statistical Software},
  year = {2017},
  volume = {80},
  number = {1},
  pages = {1--28},
  doi = {10.18637/jss.v080.i01},
  encoding = {UTF-8},
}
@Manual{R-directlabels,
  title = {directlabels: Direct Labels for Multicolor Plots},
  author = {Toby Dylan Hocking},
  year = {2017},
  note = {R package version 2017.03.31},
  url = {https://CRAN.R-project.org/package=directlabels},
}
@Article{R-Rcpp_a,
  title = {{Rcpp}: Seamless {R} and {C++} Integration},
  author = {Dirk Eddelbuettel and Romain Fran\c{c}ois},
  journal = {Journal of Statistical Software},
  year = {2011},
  volume = {40},
  number = {8},
  pages = {1--18},
  url = {http://www.jstatsoft.org/v40/i08/},
  doi = {10.18637/jss.v040.i08},
}
@Article{R-Rcpp_b,
  title = {{Extending 	extit{R} with 	extit{C++}: A Brief Introduction to 	extit{Rcpp}}},
  author = {Dirk Eddelbuettel and James Joseph Balamuta},
  journal = {PeerJ Preprints},
  year = {2017},
  month = {aug},
  volume = {5},
  pages = {e3188v1},
  issn = {2167-9843},
  url = {https://doi.org/10.7287/peerj.preprints.3188v1},
  doi = {10.7287/peerj.preprints.3188v1},
}
